<record><leader>00000cas a22000007a 4500</leader><controlfield tag="001">9695699</controlfield><controlfield tag="008">830712d18491uuunyuwr ne      0    0eng d</controlfield><datafield ind1=" " ind2=" " tag="010"><subfield code="a">sn 83030868 </subfield></datafield><datafield ind1=" " ind2=" " tag="040"><subfield code="a">NPU</subfield><subfield code="b">eng</subfield><subfield code="c">NPU</subfield><subfield code="d">NYS</subfield><subfield code="d">OCL</subfield><subfield code="d">OCLCQ</subfield><subfield code="d">OCLCF</subfield><subfield code="d">OCLCO</subfield></datafield><datafield ind1=" " ind2=" " tag="042"><subfield code="a">msc</subfield></datafield><datafield ind1=" " ind2=" " tag="043"><subfield code="a">n-us-ny</subfield></datafield><datafield ind1="0" ind2="0" tag="245"><subfield code="a">Albany Dutchman.</subfield></datafield><datafield ind1=" " ind2=" " tag="260"><subfield code="a">Albany, N.Y. :</subfield><subfield code="b">Griffin &amp; Farnsworth</subfield></datafield><datafield ind1=" " ind2=" " tag="300"><subfield code="a">v. ;</subfield><subfield code="c">60 cm.</subfield></datafield><datafield ind1=" " ind2=" " tag="310"><subfield code="a">Weekly</subfield></datafield><datafield ind1="1" ind2=" " tag="362"><subfield code="a">Began in Sept. 1849.</subfield><subfield code="z">Cf. Gregory, Amer. newspapers.</subfield></datafield><datafield ind1=" " ind2=" " tag="500"><subfield code="a">"A weekly newspaper-devoted to fun, literature, good advice, women and other luxuries."</subfield></datafield><datafield ind1=" " ind2=" " tag="500"><subfield code="a">Published every Saturday.</subfield></datafield><datafield ind1=" " ind2=" " tag="588"><subfield code="a">Description based on: Vol. 1, no. 2 (Sept. 8, 1849).</subfield></datafield><datafield ind1=" " ind2="0" tag="651"><subfield code="a">Albany (N.Y.)</subfield><subfield code="v">Newspapers.</subfield></datafield><datafield ind1=" " ind2="7" tag="655"><subfield code="a">Newspapers.</subfield><subfield code="2">fast</subfield><subfield code="0">(OCoLC)fst01423814</subfield></datafield><datafield ind1=" " ind2="7" tag="651"><subfield code="a">New York (State)</subfield><subfield code="z">Albany.</subfield><subfield code="2">fast</subfield><subfield code="0">(OCoLC)fst01225716</subfield></datafield><datafield ind1=" " ind2=" " tag="752"><subfield code="a">United States</subfield><subfield code="b">New York</subfield><subfield code="c">Albany</subfield><subfield code="d">Albany.</subfield></datafield><datafield ind1="0" ind2="0" tag="780"><subfield code="t">Sunday Dutchman</subfield></datafield></record>